<?xml version="1.0" encoding="UTF-8"?><collection xmlns="http://www.loc.gov/MARC21/slim"><record><leader>00464nam--2200133-i-4500</leader><controlfield tag="001">000021307</controlfield><controlfield tag="002">20161230</controlfield><controlfield tag="005">20161230201034</controlfield><controlfield tag="008">060222s1000------------r-----000-0-eng-d</controlfield><datafield ind1=" " ind2=" " tag="080"><subfield code="a">518.12+517.553:531.22</subfield></datafield><datafield ind1=" " ind2=" " tag="100"><subfield code="a">Grioli Giuseppe</subfield></datafield><datafield ind1=" " ind2=" " tag="245"><subfield code="a">Relazioni quantitative per la stato tensienale di un qualunque sistema continuo e per la deformazione di un corpo elastico in equilibrio</subfield></datafield><datafield ind1=" " ind2=" " tag="260"><subfield code="a">Roma, (Consiglio Nazionale Delle Richerche) 1952. 239p</subfield></datafield><datafield ind1=" " ind2=" " tag="852"><subfield code="a">3819</subfield></datafield></record></collection>